%YAML 1.1
%TAG !u! tag:unity3d.com,2011:
--- !u!1 &100700
GameObject:
  m_ObjectHideFlags: 1
  m_PrefabParentObject: {fileID: 0}
  m_PrefabInternal: {fileID: 100100000}
  serializedVersion: 5
  m_Component:
  - component: {fileID: 402612}
  m_Layer: 0
  m_Name: MHuman_R_Thumb4
  m_TagString: Untagged
  m_Icon: {fileID: 0}
  m_NavMeshLayer: 0
  m_StaticEditorFlags: 0
  m_IsActive: 1
--- !u!1 &100838
GameObject:
  m_ObjectHideFlags: 1
  m_PrefabParentObject: {fileID: 0}
  m_PrefabInternal: {fileID: 100100000}
  serializedVersion: 5
  m_Component:
  - component: {fileID: 410638}
  m_Layer: 0
  m_Name: MHuman_Spine2
  m_TagString: Untagged
  m_Icon: {fileID: 0}
  m_NavMeshLayer: 0
  m_StaticEditorFlags: 0
  m_IsActive: 1
--- !u!1 &102812
GameObject:
  m_ObjectHideFlags: 1
  m_PrefabParentObject: {fileID: 0}
  m_PrefabInternal: {fileID: 100100000}
  serializedVersion: 5
  m_Component:
  - component: {fileID: 482406}
  m_Layer: 0
  m_Name: MHuman_R_Middle4
  m_TagString: Untagged
  m_Icon: {fileID: 0}
  m_NavMeshLayer: 0
  m_StaticEditorFlags: 0
  m_IsActive: 1
--- !u!1 &103862
GameObject:
  m_ObjectHideFlags: 1
  m_PrefabParentObject: {fileID: 0}
  m_PrefabInternal: {fileID: 100100000}
  serializedVersion: 5
  m_Component:
  - component: {fileID: 451308}
  m_Layer: 0
  m_Name: MHuman_L_Middle2
  m_TagString: Untagged
  m_Icon: {fileID: 0}
  m_NavMeshLayer: 0
  m_StaticEditorFlags: 0
  m_IsActive: 1
--- !u!1 &104772
GameObject:
  m_ObjectHideFlags: 1
  m_PrefabParentObject: {fileID: 0}
  m_PrefabInternal: {fileID: 100100000}
  serializedVersion: 5
  m_Component:
  - component: {fileID: 418638}
  m_Layer: 0
  m_Name: MHuman_L_Middle4
  m_TagString: Untagged
  m_Icon: {fileID: 0}
  m_NavMeshLayer: 0
  m_StaticEditorFlags: 0
  m_IsActive: 1
--- !u!1 &104854
GameObject:
  m_ObjectHideFlags: 1
  m_PrefabParentObject: {fileID: 0}
  m_PrefabInternal: {fileID: 100100000}
  serializedVersion: 5
  m_Component:
  - component: {fileID: 402862}
  m_Layer: 0
  m_Name: MHuman_R_Femur
  m_TagString: Untagged
  m_Icon: {fileID: 0}
  m_NavMeshLayer: 0
  m_StaticEditorFlags: 0
  m_IsActive: 1
--- !u!1 &105376
GameObject:
  m_ObjectHideFlags: 1
  m_PrefabParentObject: {fileID: 0}
  m_PrefabInternal: {fileID: 100100000}
  serializedVersion: 5
  m_Component:
  - component: {fileID: 480750}
  m_Layer: 0
  m_Name: MHuman_R_Middle3
  m_TagString: Untagged
  m_Icon: {fileID: 0}
  m_NavMeshLayer: 0
  m_StaticEditorFlags: 0
  m_IsActive: 1
--- !u!1 &105560
GameObject:
  m_ObjectHideFlags: 1
  m_PrefabParentObject: {fileID: 0}
  m_PrefabInternal: {fileID: 100100000}
  serializedVersion: 5
  m_Component:
  - component: {fileID: 442942}
  m_Layer: 0
  m_Name: MHuman_L_Elbow
  m_TagString: Untagged
  m_Icon: {fileID: 0}
  m_NavMeshLayer: 0
  m_StaticEditorFlags: 0
  m_IsActive: 1
--- !u!1 &107280
GameObject:
  m_ObjectHideFlags: 1
  m_PrefabParentObject: {fileID: 0}
  m_PrefabInternal: {fileID: 100100000}
  serializedVersion: 5
  m_Component:
  - component: {fileID: 496122}
  m_Layer: 0
  m_Name: MHuman_R_Pinky1
  m_TagString: Untagged
  m_Icon: {fileID: 0}
  m_NavMeshLayer: 0
  m_StaticEditorFlags: 0
  m_IsActive: 1
--- !u!1 &108626
GameObject:
  m_ObjectHideFlags: 1
  m_PrefabParentObject: {fileID: 0}
  m_PrefabInternal: {fileID: 100100000}
  serializedVersion: 5
  m_Component:
  - component: {fileID: 444302}
  m_Layer: 0
  m_Name: MHuman_R_Wrist
  m_TagString: Untagged
  m_Icon: {fileID: 0}
  m_NavMeshLayer: 0
  m_StaticEditorFlags: 0
  m_IsActive: 1
--- !u!1 &110300
GameObject:
  m_ObjectHideFlags: 1
  m_PrefabParentObject: {fileID: 0}
  m_PrefabInternal: {fileID: 100100000}
  serializedVersion: 5
  m_Component:
  - component: {fileID: 486140}
  m_Layer: 0
  m_Name: MHuman_L_FootVis2
  m_TagString: Untagged
  m_Icon: {fileID: 0}
  m_NavMeshLayer: 0
  m_StaticEditorFlags: 0
  m_IsActive: 1
--- !u!1 &111682
GameObject:
  m_ObjectHideFlags: 1
  m_PrefabParentObject: {fileID: 0}
  m_PrefabInternal: {fileID: 100100000}
  serializedVersion: 5
  m_Component:
  - component: {fileID: 424822}
  m_Layer: 0
  m_Name: MHuman_R_Ring3
  m_TagString: Untagged
  m_Icon: {fileID: 0}
  m_NavMeshLayer: 0
  m_StaticEditorFlags: 0
  m_IsActive: 1
--- !u!1 &111844
GameObject:
  m_ObjectHideFlags: 1
  m_PrefabParentObject: {fileID: 0}
  m_PrefabInternal: {fileID: 100100000}
  serializedVersion: 5
  m_Component:
  - component: {fileID: 400954}
  m_Layer: 0
  m_Name: MHuman_L_Ring2
  m_TagString: Untagged
  m_Icon: {fileID: 0}
  m_NavMeshLayer: 0
  m_StaticEditorFlags: 0
  m_IsActive: 1
--- !u!1 &112370
GameObject:
  m_ObjectHideFlags: 1
  m_PrefabParentObject: {fileID: 0}
  m_PrefabInternal: {fileID: 100100000}
  serializedVersion: 5
  m_Component:
  - component: {fileID: 410316}
  m_Layer: 0
  m_Name: MHuman_L_ToeEnd
  m_TagString: Untagged
  m_Icon: {fileID: 0}
  m_NavMeshLayer: 0
  m_StaticEditorFlags: 0
  m_IsActive: 1
--- !u!1 &113812
GameObject:
  m_ObjectHideFlags: 1
  m_PrefabParentObject: {fileID: 0}
  m_PrefabInternal: {fileID: 100100000}
  serializedVersion: 5
  m_Component:
  - component: {fileID: 435838}
  m_Layer: 0
  m_Name: MHuman_L_Thumb2
  m_TagString: Untagged
  m_Icon: {fileID: 0}
  m_NavMeshLayer: 0
  m_StaticEditorFlags: 0
  m_IsActive: 1
--- !u!1 &113912
GameObject:
  m_ObjectHideFlags: 1
  m_PrefabParentObject: {fileID: 0}
  m_PrefabInternal: {fileID: 100100000}
  serializedVersion: 5
  m_Component:
  - component: {fileID: 419784}
  m_Layer: 0
  m_Name: MHuman_R_Index3
  m_TagString: Untagged
  m_Icon: {fileID: 0}
  m_NavMeshLayer: 0
  m_StaticEditorFlags: 0
  m_IsActive: 1
--- !u!1 &115376
GameObject:
  m_ObjectHideFlags: 1
  m_PrefabParentObject: {fileID: 0}
  m_PrefabInternal: {fileID: 100100000}
  serializedVersion: 5
  m_Component:
  - component: {fileID: 441000}
  m_Layer: 0
  m_Name: MHuman_L_Middle3
  m_TagString: Untagged
  m_Icon: {fileID: 0}
  m_NavMeshLayer: 0
  m_StaticEditorFlags: 0
  m_IsActive: 1
--- !u!1 &116334
GameObject:
  m_ObjectHideFlags: 1
  m_PrefabParentObject: {fileID: 0}
  m_PrefabInternal: {fileID: 100100000}
  serializedVersion: 5
  m_Component:
  - component: {fileID: 450188}
  m_Layer: 0
  m_Name: MHuman_L_Index2
  m_TagString: Untagged
  m_Icon: {fileID: 0}
  m_NavMeshLayer: 0
  m_StaticEditorFlags: 0
  m_IsActive: 1
--- !u!1 &116500
GameObject:
  m_ObjectHideFlags: 1
  m_PrefabParentObject: {fileID: 0}
  m_PrefabInternal: {fileID: 100100000}
  serializedVersion: 5
  m_Component:
  - component: {fileID: 495532}
  m_Layer: 0
  m_Name: MHuman_R_Ring2
  m_TagString: Untagged
  m_Icon: {fileID: 0}
  m_NavMeshLayer: 0
  m_StaticEditorFlags: 0
  m_IsActive: 1
--- !u!1 &120224
GameObject:
  m_ObjectHideFlags: 1
  m_PrefabParentObject: {fileID: 0}
  m_PrefabInternal: {fileID: 100100000}
  serializedVersion: 5
  m_Component:
  - component: {fileID: 457720}
  m_Layer: 0
  m_Name: MHuman_R_Toe
  m_TagString: Untagged
  m_Icon: {fileID: 0}
  m_NavMeshLayer: 0
  m_StaticEditorFlags: 0
  m_IsActive: 1
--- !u!1 &127702
GameObject:
  m_ObjectHideFlags: 1
  m_PrefabParentObject: {fileID: 0}
  m_PrefabInternal: {fileID: 100100000}
  serializedVersion: 5
  m_Component:
  - component: {fileID: 494422}
  m_Layer: 0
  m_Name: MHuman_L_Thumb3
  m_TagString: Untagged
  m_Icon: {fileID: 0}
  m_NavMeshLayer: 0
  m_StaticEditorFlags: 0
  m_IsActive: 1
--- !u!1 &128334
GameObject:
  m_ObjectHideFlags: 1
  m_PrefabParentObject: {fileID: 0}
  m_PrefabInternal: {fileID: 100100000}
  serializedVersion: 5
  m_Component:
  - component: {fileID: 402878}
  m_Layer: 0
  m_Name: MHuman_R_Pinky3
  m_TagString: Untagged
  m_Icon: {fileID: 0}
  m_NavMeshLayer: 0
  m_StaticEditorFlags: 0
  m_IsActive: 1
--- !u!1 &128792
GameObject:
  m_ObjectHideFlags: 0
  m_PrefabParentObject: {fileID: 0}
  m_PrefabInternal: {fileID: 100100000}
  serializedVersion: 5
  m_Component:
  - component: {fileID: 414042}
  m_Layer: 0
  m_Name: MHuman_Root
  m_TagString: Untagged
  m_Icon: {fileID: 0}
  m_NavMeshLayer: 0
  m_StaticEditorFlags: 0
  m_IsActive: 1
--- !u!1 &129246
GameObject:
  m_ObjectHideFlags: 1
  m_PrefabParentObject: {fileID: 0}
  m_PrefabInternal: {fileID: 100100000}
  serializedVersion: 5
  m_Component:
  - component: {fileID: 401146}
  m_Layer: 0
  m_Name: MHuman_Head_End
  m_TagString: Untagged
  m_Icon: {fileID: 0}
  m_NavMeshLayer: 0
  m_StaticEditorFlags: 0
  m_IsActive: 1
--- !u!1 &129534
GameObject:
  m_ObjectHideFlags: 1
  m_PrefabParentObject: {fileID: 0}
  m_PrefabInternal: {fileID: 100100000}
  serializedVersion: 5
  m_Component:
  - component: {fileID: 419382}
  m_Layer: 0
  m_Name: MHuman_R_Middle2
  m_TagString: Untagged
  m_Icon: {fileID: 0}
  m_NavMeshLayer: 0
  m_StaticEditorFlags: 0
  m_IsActive: 1
--- !u!1 &131864
GameObject:
  m_ObjectHideFlags: 1
  m_PrefabParentObject: {fileID: 0}
  m_PrefabInternal: {fileID: 100100000}
  serializedVersion: 5
  m_Component:
  - component: {fileID: 471982}
  m_Layer: 0
  m_Name: MHuman_L_Pinky3
  m_TagString: Untagged
  m_Icon: {fileID: 0}
  m_NavMeshLayer: 0
  m_StaticEditorFlags: 0
  m_IsActive: 1
--- !u!1 &131932
GameObject:
  m_ObjectHideFlags: 1
  m_PrefabParentObject: {fileID: 0}
  m_PrefabInternal: {fileID: 100100000}
  serializedVersion: 5
  m_Component:
  - component: {fileID: 409692}
  m_Layer: 0
  m_Name: MHuman_L_Index4
  m_TagString: Untagged
  m_Icon: {fileID: 0}
  m_NavMeshLayer: 0
  m_StaticEditorFlags: 0
  m_IsActive: 1
--- !u!1 &135204
GameObject:
  m_ObjectHideFlags: 1
  m_PrefabParentObject: {fileID: 0}
  m_PrefabInternal: {fileID: 100100000}
  serializedVersion: 5
  m_Component:
  - component: {fileID: 424318}
  m_Layer: 0
  m_Name: MHuman_L_Thumb4
  m_TagString: Untagged
  m_Icon: {fileID: 0}
  m_NavMeshLayer: 0
  m_StaticEditorFlags: 0
  m_IsActive: 1
--- !u!1 &137968
GameObject:
  m_ObjectHideFlags: 1
  m_PrefabParentObject: {fileID: 0}
  m_PrefabInternal: {fileID: 100100000}
  serializedVersion: 5
  m_Component:
  - component: {fileID: 442720}
  m_Layer: 0
  m_Name: MHuman_L_Shoulder
  m_TagString: Untagged
  m_Icon: {fileID: 0}
  m_NavMeshLayer: 0
  m_StaticEditorFlags: 0
  m_IsActive: 1
--- !u!1 &137970
GameObject:
  m_ObjectHideFlags: 1
  m_PrefabParentObject: {fileID: 0}
  m_PrefabInternal: {fileID: 100100000}
  serializedVersion: 5
  m_Component:
  - component: {fileID: 461896}
  m_Layer: 0
  m_Name: MHuman_Spine3
  m_TagString: Untagged
  m_Icon: {fileID: 0}
  m_NavMeshLayer: 0
  m_StaticEditorFlags: 0
  m_IsActive: 1
--- !u!1 &140504
GameObject:
  m_ObjectHideFlags: 0
  m_PrefabParentObject: {fileID: 0}
  m_PrefabInternal: {fileID: 100100000}
  serializedVersion: 5
  m_Component:
  - component: {fileID: 443418}
  - component: {fileID: 13792606}
  m_Layer: 0
  m_Name: MHuman
  m_TagString: Untagged
  m_Icon: {fileID: 0}
  m_NavMeshLayer: 0
  m_StaticEditorFlags: 0
  m_IsActive: 1
--- !u!1 &142988
GameObject:
  m_ObjectHideFlags: 1
  m_PrefabParentObject: {fileID: 0}
  m_PrefabInternal: {fileID: 100100000}
  serializedVersion: 5
  m_Component:
  - component: {fileID: 416180}
  m_Layer: 0
  m_Name: MHuman_R_Index1
  m_TagString: Untagged
  m_Icon: {fileID: 0}
  m_NavMeshLayer: 0
  m_StaticEditorFlags: 0
  m_IsActive: 1
--- !u!1 &143412
GameObject:
  m_ObjectHideFlags: 1
  m_PrefabParentObject: {fileID: 0}
  m_PrefabInternal: {fileID: 100100000}
  serializedVersion: 5
  m_Component:
  - component: {fileID: 412090}
  m_Layer: 0
  m_Name: MHuman_Neck
  m_TagString: Untagged
  m_Icon: {fileID: 0}
  m_NavMeshLayer: 0
  m_StaticEditorFlags: 0
  m_IsActive: 1
--- !u!1 &143952
GameObject:
  m_ObjectHideFlags: 1
  m_PrefabParentObject: {fileID: 0}
  m_PrefabInternal: {fileID: 100100000}
  serializedVersion: 5
  m_Component:
  - component: {fileID: 476664}
  m_Layer: 0
  m_Name: MHuman_R_Elbow
  m_TagString: Untagged
  m_Icon: {fileID: 0}
  m_NavMeshLayer: 0
  m_StaticEditorFlags: 0
  m_IsActive: 1
--- !u!1 &143956
GameObject:
  m_ObjectHideFlags: 1
  m_PrefabParentObject: {fileID: 0}
  m_PrefabInternal: {fileID: 100100000}
  serializedVersion: 5
  m_Component:
  - component: {fileID: 433072}
  m_Layer: 0
  m_Name: MHuman_R_Ring4
  m_TagString: Untagged
  m_Icon: {fileID: 0}
  m_NavMeshLayer: 0
  m_StaticEditorFlags: 0
  m_IsActive: 1
--- !u!1 &144236
GameObject:
  m_ObjectHideFlags: 1
  m_PrefabParentObject: {fileID: 0}
  m_PrefabInternal: {fileID: 100100000}
  serializedVersion: 5
  m_Component:
  - component: {fileID: 438374}
  m_Layer: 0
  m_Name: MHuman_L_Toe
  m_TagString: Untagged
  m_Icon: {fileID: 0}
  m_NavMeshLayer: 0
  m_StaticEditorFlags: 0
  m_IsActive: 1
--- !u!1 &144466
GameObject:
  m_ObjectHideFlags: 1
  m_PrefabParentObject: {fileID: 0}
  m_PrefabInternal: {fileID: 100100000}
  serializedVersion: 5
  m_Component:
  - component: {fileID: 437370}
  m_Layer: 0
  m_Name: MHuman_L_Middle1
  m_TagString: Untagged
  m_Icon: {fileID: 0}
  m_NavMeshLayer: 0
  m_StaticEditorFlags: 0
  m_IsActive: 1
--- !u!1 &145072
GameObject:
  m_ObjectHideFlags: 1
  m_PrefabParentObject: {fileID: 0}
  m_PrefabInternal: {fileID: 100100000}
  serializedVersion: 5
  m_Component:
  - component: {fileID: 464890}
  m_Layer: 0
  m_Name: MHuman_R_Ring1
  m_TagString: Untagged
  m_Icon: {fileID: 0}
  m_NavMeshLayer: 0
  m_StaticEditorFlags: 0
  m_IsActive: 1
--- !u!1 &146896
GameObject:
  m_ObjectHideFlags: 1
  m_PrefabParentObject: {fileID: 0}
  m_PrefabInternal: {fileID: 100100000}
  serializedVersion: 5
  m_Component:
  - component: {fileID: 422744}
  m_Layer: 0
  m_Name: MHuman_R_Shoulder
  m_TagString: Untagged
  m_Icon: {fileID: 0}
  m_NavMeshLayer: 0
  m_StaticEditorFlags: 0
  m_IsActive: 1
--- !u!1 &147808
GameObject:
  m_ObjectHideFlags: 1
  m_PrefabParentObject: {fileID: 0}
  m_PrefabInternal: {fileID: 100100000}
  serializedVersion: 5
  m_Component:
  - component: {fileID: 409610}
  m_Layer: 0
  m_Name: MHuman_Head
  m_TagString: Untagged
  m_Icon: {fileID: 0}
  m_NavMeshLayer: 0
  m_StaticEditorFlags: 0
  m_IsActive: 1
--- !u!1 &148542
GameObject:
  m_ObjectHideFlags: 1
  m_PrefabParentObject: {fileID: 0}
  m_PrefabInternal: {fileID: 100100000}
  serializedVersion: 5
  m_Component:
  - component: {fileID: 400502}
  m_Layer: 0
  m_Name: MHuman_R_Thumb1
  m_TagString: Untagged
  m_Icon: {fileID: 0}
  m_NavMeshLayer: 0
  m_StaticEditorFlags: 0
  m_IsActive: 1
--- !u!1 &153898
GameObject:
  m_ObjectHideFlags: 1
  m_PrefabParentObject: {fileID: 0}
  m_PrefabInternal: {fileID: 100100000}
  serializedVersion: 5
  m_Component:
  - component: {fileID: 495534}
  m_Layer: 0
  m_Name: MHuman_R_Middle1
  m_TagString: Untagged
  m_Icon: {fileID: 0}
  m_NavMeshLayer: 0
  m_StaticEditorFlags: 0
  m_IsActive: 1
--- !u!1 &154034
GameObject:
  m_ObjectHideFlags: 1
  m_PrefabParentObject: {fileID: 0}
  m_PrefabInternal: {fileID: 100100000}
  serializedVersion: 5
  m_Component:
  - component: {fileID: 436506}
  m_Layer: 0
  m_Name: MHuman_L_Index3
  m_TagString: Untagged
  m_Icon: {fileID: 0}
  m_NavMeshLayer: 0
  m_StaticEditorFlags: 0
  m_IsActive: 1
--- !u!1 &154356
GameObject:
  m_ObjectHideFlags: 1
  m_PrefabParentObject: {fileID: 0}
  m_PrefabInternal: {fileID: 100100000}
  serializedVersion: 5
  m_Component:
  - component: {fileID: 471284}
  m_Layer: 0
  m_Name: MHuman_Spine1
  m_TagString: Untagged
  m_Icon: {fileID: 0}
  m_NavMeshLayer: 0
  m_StaticEditorFlags: 0
  m_IsActive: 1
--- !u!1 &158156
GameObject:
  m_ObjectHideFlags: 1
  m_PrefabParentObject: {fileID: 0}
  m_PrefabInternal: {fileID: 100100000}
  serializedVersion: 5
  m_Component:
  - component: {fileID: 455906}
  m_Layer: 0
  m_Name: MHuman_L_Ankle
  m_TagString: Untagged
  m_Icon: {fileID: 0}
  m_NavMeshLayer: 0
  m_StaticEditorFlags: 0
  m_IsActive: 1
--- !u!1 &159778
GameObject:
  m_ObjectHideFlags: 1
  m_PrefabParentObject: {fileID: 0}
  m_PrefabInternal: {fileID: 100100000}
  serializedVersion: 5
  m_Component:
  - component: {fileID: 437118}
  m_Layer: 0
  m_Name: MHuman_L_Knee
  m_TagString: Untagged
  m_Icon: {fileID: 0}
  m_NavMeshLayer: 0
  m_StaticEditorFlags: 0
  m_IsActive: 1
--- !u!1 &160918
GameObject:
  m_ObjectHideFlags: 1
  m_PrefabParentObject: {fileID: 0}
  m_PrefabInternal: {fileID: 100100000}
  serializedVersion: 5
  m_Component:
  - component: {fileID: 421964}
  m_Layer: 0
  m_Name: MHuman_R_Clav
  m_TagString: Untagged
  m_Icon: {fileID: 0}
  m_NavMeshLayer: 0
  m_StaticEditorFlags: 0
  m_IsActive: 1
--- !u!1 &160932
GameObject:
  m_ObjectHideFlags: 1
  m_PrefabParentObject: {fileID: 0}
  m_PrefabInternal: {fileID: 100100000}
  serializedVersion: 5
  m_Component:
  - component: {fileID: 457624}
  m_Layer: 0
  m_Name: MHuman_R_Index2
  m_TagString: Untagged
  m_Icon: {fileID: 0}
  m_NavMeshLayer: 0
  m_StaticEditorFlags: 0
  m_IsActive: 1
--- !u!1 &163218
GameObject:
  m_ObjectHideFlags: 1
  m_PrefabParentObject: {fileID: 0}
  m_PrefabInternal: {fileID: 100100000}
  serializedVersion: 5
  m_Component:
  - component: {fileID: 494330}
  m_Layer: 0
  m_Name: MHuman_R_Thumb3
  m_TagString: Untagged
  m_Icon: {fileID: 0}
  m_NavMeshLayer: 0
  m_StaticEditorFlags: 0
  m_IsActive: 1
--- !u!1 &165196
GameObject:
  m_ObjectHideFlags: 1
  m_PrefabParentObject: {fileID: 0}
  m_PrefabInternal: {fileID: 100100000}
  serializedVersion: 5
  m_Component:
  - component: {fileID: 449228}
  m_Layer: 0
  m_Name: MHuman_R_Ankle
  m_TagString: Untagged
  m_Icon: {fileID: 0}
  m_NavMeshLayer: 0
  m_StaticEditorFlags: 0
  m_IsActive: 1
--- !u!1 &165288
GameObject:
  m_ObjectHideFlags: 0
  m_PrefabParentObject: {fileID: 0}
  m_PrefabInternal: {fileID: 100100000}
  serializedVersion: 5
  m_Component:
  - component: {fileID: 433310}
  - component: {fileID: 9552492}
  m_Layer: 0
  m_Name: MorroMan_Gestures_MoCap_03
  m_TagString: Untagged
  m_Icon: {fileID: 0}
  m_NavMeshLayer: 0
  m_StaticEditorFlags: 0
  m_IsActive: 1
--- !u!1 &169058
GameObject:
  m_ObjectHideFlags: 1
  m_PrefabParentObject: {fileID: 0}
  m_PrefabInternal: {fileID: 100100000}
  serializedVersion: 5
  m_Component:
  - component: {fileID: 408724}
  m_Layer: 0
  m_Name: MHuman_Chest
  m_TagString: Untagged
  m_Icon: {fileID: 0}
  m_NavMeshLayer: 0
  m_StaticEditorFlags: 0
  m_IsActive: 1
--- !u!1 &170634
GameObject:
  m_ObjectHideFlags: 1
  m_PrefabParentObject: {fileID: 0}
  m_PrefabInternal: {fileID: 100100000}
  serializedVersion: 5
  m_Component:
  - component: {fileID: 475424}
  m_Layer: 0
  m_Name: MHuman_L_Ring4
  m_TagString: Untagged
  m_Icon: {fileID: 0}
  m_NavMeshLayer: 0
  m_StaticEditorFlags: 0
  m_IsActive: 1
--- !u!1 &173364
GameObject:
  m_ObjectHideFlags: 1
  m_PrefabParentObject: {fileID: 0}
  m_PrefabInternal: {fileID: 100100000}
  serializedVersion: 5
  m_Component:
  - component: {fileID: 457076}
  m_Layer: 0
  m_Name: MHuman_L_Pinky2
  m_TagString: Untagged
  m_Icon: {fileID: 0}
  m_NavMeshLayer: 0
  m_StaticEditorFlags: 0
  m_IsActive: 1
--- !u!1 &174386
GameObject:
  m_ObjectHideFlags: 1
  m_PrefabParentObject: {fileID: 0}
  m_PrefabInternal: {fileID: 100100000}
  serializedVersion: 5
  m_Component:
  - component: {fileID: 439668}
  m_Layer: 0
  m_Name: MHuman_R_Index4
  m_TagString: Untagged
  m_Icon: {fileID: 0}
  m_NavMeshLayer: 0
  m_StaticEditorFlags: 0
  m_IsActive: 1
--- !u!1 &175776
GameObject:
  m_ObjectHideFlags: 1
  m_PrefabParentObject: {fileID: 0}
  m_PrefabInternal: {fileID: 100100000}
  serializedVersion: 5
  m_Component:
  - component: {fileID: 464964}
  m_Layer: 0
  m_Name: MHuman_L_Clav
  m_TagString: Untagged
  m_Icon: {fileID: 0}
  m_NavMeshLayer: 0
  m_StaticEditorFlags: 0
  m_IsActive: 1
--- !u!1 &176004
GameObject:
  m_ObjectHideFlags: 1
  m_PrefabParentObject: {fileID: 0}
  m_PrefabInternal: {fileID: 100100000}
  serializedVersion: 5
  m_Component:
  - component: {fileID: 470710}
  m_Layer: 0
  m_Name: MHuman_R_FootVis2
  m_TagString: Untagged
  m_Icon: {fileID: 0}
  m_NavMeshLayer: 0
  m_StaticEditorFlags: 0
  m_IsActive: 1
--- !u!1 &177156
GameObject:
  m_ObjectHideFlags: 1
  m_PrefabParentObject: {fileID: 0}
  m_PrefabInternal: {fileID: 100100000}
  serializedVersion: 5
  m_Component:
  - component: {fileID: 469380}
  m_Layer: 0
  m_Name: MHuman_L_Hand
  m_TagString: Untagged
  m_Icon: {fileID: 0}
  m_NavMeshLayer: 0
  m_StaticEditorFlags: 0
  m_IsActive: 1
--- !u!1 &179684
GameObject:
  m_ObjectHideFlags: 1
  m_PrefabParentObject: {fileID: 0}
  m_PrefabInternal: {fileID: 100100000}
  serializedVersion: 5
  m_Component:
  - component: {fileID: 420948}
  m_Layer: 0
  m_Name: MHuman_R_Thumb2
  m_TagString: Untagged
  m_Icon: {fileID: 0}
  m_NavMeshLayer: 0
  m_StaticEditorFlags: 0
  m_IsActive: 1
--- !u!1 &180456
GameObject:
  m_ObjectHideFlags: 1
  m_PrefabParentObject: {fileID: 0}
  m_PrefabInternal: {fileID: 100100000}
  serializedVersion: 5
  m_Component:
  - component: {fileID: 416874}
  m_Layer: 0
  m_Name: MHuman_R_Pinky4
  m_TagString: Untagged
  m_Icon: {fileID: 0}
  m_NavMeshLayer: 0
  m_StaticEditorFlags: 0
  m_IsActive: 1
--- !u!1 &180744
GameObject:
  m_ObjectHideFlags: 1
  m_PrefabParentObject: {fileID: 0}
  m_PrefabInternal: {fileID: 100100000}
  serializedVersion: 5
  m_Component:
  - component: {fileID: 403486}
  m_Layer: 0
  m_Name: MHuman_L_Thumb1
  m_TagString: Untagged
  m_Icon: {fileID: 0}
  m_NavMeshLayer: 0
  m_StaticEditorFlags: 0
  m_IsActive: 1
--- !u!1 &181268
GameObject:
  m_ObjectHideFlags: 1
  m_PrefabParentObject: {fileID: 0}
  m_PrefabInternal: {fileID: 100100000}
  serializedVersion: 5
  m_Component:
  - component: {fileID: 465826}
  m_Layer: 0
  m_Name: MHuman_R_Knee
  m_TagString: Untagged
  m_Icon: {fileID: 0}
  m_NavMeshLayer: 0
  m_StaticEditorFlags: 0
  m_IsActive: 1
--- !u!1 &181352
GameObject:
  m_ObjectHideFlags: 1
  m_PrefabParentObject: {fileID: 0}
  m_PrefabInternal: {fileID: 100100000}
  serializedVersion: 5
  m_Component:
  - component: {fileID: 404564}
  m_Layer: 0
  m_Name: MHuman_L_Pinky4
  m_TagString: Untagged
  m_Icon: {fileID: 0}
  m_NavMeshLayer: 0
  m_StaticEditorFlags: 0
  m_IsActive: 1
--- !u!1 &187008
GameObject:
  m_ObjectHideFlags: 1
  m_PrefabParentObject: {fileID: 0}
  m_PrefabInternal: {fileID: 100100000}
  serializedVersion: 5
  m_Component:
  - component: {fileID: 467756}
  m_Layer: 0
  m_Name: MHuman_L_Pinky1
  m_TagString: Untagged
  m_Icon: {fileID: 0}
  m_NavMeshLayer: 0
  m_StaticEditorFlags: 0
  m_IsActive: 1
--- !u!1 &189534
GameObject:
  m_ObjectHideFlags: 1
  m_PrefabParentObject: {fileID: 0}
  m_PrefabInternal: {fileID: 100100000}
  serializedVersion: 5
  m_Component:
  - component: {fileID: 428876}
  m_Layer: 0
  m_Name: MHuman_R_ToeEnd
  m_TagString: Untagged
  m_Icon: {fileID: 0}
  m_NavMeshLayer: 0
  m_StaticEditorFlags: 0
  m_IsActive: 1
--- !u!1 &189844
GameObject:
  m_ObjectHideFlags: 1
  m_PrefabParentObject: {fileID: 0}
  m_PrefabInternal: {fileID: 100100000}
  serializedVersion: 5
  m_Component:
  - component: {fileID: 452746}
  m_Layer: 0
  m_Name: MHuman_L_Ring1
  m_TagString: Untagged
  m_Icon: {fileID: 0}
  m_NavMeshLayer: 0
  m_StaticEditorFlags: 0
  m_IsActive: 1
--- !u!1 &190498
GameObject:
  m_ObjectHideFlags: 1
  m_PrefabParentObject: {fileID: 0}
  m_PrefabInternal: {fileID: 100100000}
  serializedVersion: 5
  m_Component:
  - component: {fileID: 480088}
  m_Layer: 0
  m_Name: MHuman_R_Pinky2
  m_TagString: Untagged
  m_Icon: {fileID: 0}
  m_NavMeshLayer: 0
  m_StaticEditorFlags: 0
  m_IsActive: 1
--- !u!1 &195020
GameObject:
  m_ObjectHideFlags: 1
  m_PrefabParentObject: {fileID: 0}
  m_PrefabInternal: {fileID: 100100000}
  serializedVersion: 5
  m_Component:
  - component: {fileID: 407730}
  m_Layer: 0
  m_Name: MHuman_R_FootVis1
  m_TagString: Untagged
  m_Icon: {fileID: 0}
  m_NavMeshLayer: 0
  m_StaticEditorFlags: 0
  m_IsActive: 1
--- !u!1 &195666
GameObject:
  m_ObjectHideFlags: 1
  m_PrefabParentObject: {fileID: 0}
  m_PrefabInternal: {fileID: 100100000}
  serializedVersion: 5
  m_Component:
  - component: {fileID: 488596}
  m_Layer: 0
  m_Name: MHuman_L_Femur
  m_TagString: Untagged
  m_Icon: {fileID: 0}
  m_NavMeshLayer: 0
  m_StaticEditorFlags: 0
  m_IsActive: 1
--- !u!1 &195794
GameObject:
  m_ObjectHideFlags: 1
  m_PrefabParentObject: {fileID: 0}
  m_PrefabInternal: {fileID: 100100000}
  serializedVersion: 5
  m_Component:
  - component: {fileID: 415990}
  m_Layer: 0
  m_Name: MHuman_L_Wrist
  m_TagString: Untagged
  m_Icon: {fileID: 0}
  m_NavMeshLayer: 0
  m_StaticEditorFlags: 0
  m_IsActive: 1
--- !u!1 &195860
GameObject:
  m_ObjectHideFlags: 1
  m_PrefabParentObject: {fileID: 0}
  m_PrefabInternal: {fileID: 100100000}
  serializedVersion: 5
  m_Component:
  - component: {fileID: 418774}
  m_Layer: 0
  m_Name: MHuman_L_FootVis1
  m_TagString: Untagged
  m_Icon: {fileID: 0}
  m_NavMeshLayer: 0
  m_StaticEditorFlags: 0
  m_IsActive: 1
--- !u!1 &197232
GameObject:
  m_ObjectHideFlags: 1
  m_PrefabParentObject: {fileID: 0}
  m_PrefabInternal: {fileID: 100100000}
  serializedVersion: 5
  m_Component:
  - component: {fileID: 436234}
  m_Layer: 0
  m_Name: MHuman_R_Hand
  m_TagString: Untagged
  m_Icon: {fileID: 0}
  m_NavMeshLayer: 0
  m_StaticEditorFlags: 0
  m_IsActive: 1
--- !u!1 &197292
GameObject:
  m_ObjectHideFlags: 1
  m_PrefabParentObject: {fileID: 0}
  m_PrefabInternal: {fileID: 100100000}
  serializedVersion: 5
  m_Component:
  - component: {fileID: 420260}
  m_Layer: 0
  m_Name: MHuman_L_Index1
  m_TagString: Untagged
  m_Icon: {fileID: 0}
  m_NavMeshLayer: 0
  m_StaticEditorFlags: 0
  m_IsActive: 1
--- !u!1 &198662
GameObject:
  m_ObjectHideFlags: 1
  m_PrefabParentObject: {fileID: 0}
  m_PrefabInternal: {fileID: 100100000}
  serializedVersion: 5
  m_Component:
  - component: {fileID: 401474}
  m_Layer: 0
  m_Name: MHuman_L_Ring3
  m_TagString: Untagged
  m_Icon: {fileID: 0}
  m_NavMeshLayer: 0
  m_StaticEditorFlags: 0
  m_IsActive: 1
--- !u!4 &400502
Transform:
  m_ObjectHideFlags: 1
  m_PrefabParentObject: {fileID: 0}
  m_PrefabInternal: {fileID: 100100000}
  m_GameObject: {fileID: 148542}
  m_LocalRotation: {x: 0.13332762, y: 0.35403973, z: 0.21697962, w: 0.89988863}
  m_LocalPosition: {x: -0.015048662, y: -0.020419972, z: 0.03375376}
  m_LocalScale: {x: 1, y: 1, z: 1}
  m_Children:
  - {fileID: 420948}
  m_Father: {fileID: 436234}
  m_RootOrder: 4
  m_LocalEulerAnglesHint: {x: 0, y: 0, z: 0}
--- !u!4 &400954
Transform:
  m_ObjectHideFlags: 1
  m_PrefabParentObject: {fileID: 0}
  m_PrefabInternal: {fileID: 100100000}
  m_GameObject: {fileID: 111844}
  m_LocalRotation: {x: 0.0051464597, y: 0.043413773, z: 0.06493466, w: 0.99693143}
  m_LocalPosition: {x: -0.04471647, y: 1.9895197e-15, z: 1.4210854e-16}
  m_LocalScale: {x: 1, y: 1, z: 1}
  m_Children:
  - {fileID: 401474}
  m_Father: {fileID: 452746}
  m_RootOrder: 0
  m_LocalEulerAnglesHint: {x: 0, y: 0, z: 0}
--- !u!4 &401146
Transform:
  m_ObjectHideFlags: 1
  m_PrefabParentObject: {fileID: 0}
  m_PrefabInternal: {fileID: 100100000}
  m_GameObject: {fileID: 129246}
  m_LocalRotation: {x: -1.110223e-16, y: -5.5904175e-20, z: -1.0842022e-19, w: 1}
  m_LocalPosition: {x: -0.000054805212, y: -0.0011284106, z: 0.32964844}
  m_LocalScale: {x: 1, y: 1, z: 1}
  m_Children: []
  m_Father: {fileID: 409610}
  m_RootOrder: 0
  m_LocalEulerAnglesHint: {x: 0, y: 0, z: 0}
--- !u!4 &401474
Transform:
  m_ObjectHideFlags: 1
  m_PrefabParentObject: {fileID: 0}
  m_PrefabInternal: {fileID: 100100000}
  m_GameObject: {fileID: 198662}
  m_LocalRotation: {x: 0.00033908672, y: 0.0041082865, z: 0.073334515, w: 0.9972989}
  m_LocalPosition: {x: -0.044339847, y: 1.1368684e-15, z: 1.4210854e-16}
  m_LocalScale: {x: 1, y: 1, z: 1}
  m_Children:
  - {fileID: 475424}
  m_Father: {fileID: 400954}
  m_RootOrder: 0
  m_LocalEulerAnglesHint: {x: 0, y: 0, z: 0}
--- !u!4 &402612
Transform:
  m_ObjectHideFlags: 1
  m_PrefabParentObject: {fileID: 0}
  m_PrefabInternal: {fileID: 100100000}
  m_GameObject: {fileID: 100700}
  m_LocalRotation: {x: 0.42751345, y: -0.57504904, z: 0.4080118, w: 0.56575364}
  m_LocalPosition: {x: 0.016880592, y: -0.02482932, z: 0.0066796383}
  m_LocalScale: {x: 1, y: 1, z: 1}
  m_Children: []
  m_Father: {fileID: 494330}
  m_RootOrder: 0
  m_LocalEulerAnglesHint: {x: 0, y: 0, z: 0}
--- !u!4 &402862
Transform:
  m_ObjectHideFlags: 1
  m_PrefabParentObject: {fileID: 0}
  m_PrefabInternal: {fileID: 100100000}
  m_GameObject: {fileID: 104854}
  m_LocalRotation: {x: 0.013089635, y: -0.6764157, z: -0.014247824, w: 0.7362659}
  m_LocalPosition: {x: 0.139422, y: -0.00000001767103, z: -0.04072616}
  m_LocalScale: {x: 1, y: 1, z: 1}
  m_Children:
  - {fileID: 465826}
  m_Father: {fileID: 414042}
  m_RootOrder: 1
  m_LocalEulerAnglesHint: {x: 0, y: 0, z: 0}
--- !u!4 &402878
Transform:
  m_ObjectHideFlags: 1
  m_PrefabParentObject: {fileID: 0}
  m_PrefabInternal: {fileID: 100100000}
  m_GameObject: {fileID: 128334}
  m_LocalRotation: {x: -0.008705091, y: -0.007949714, z: 0.07114258, w: 0.99739647}
  m_LocalPosition: {x: 0.013897845, y: -0.013491592, z: -0.019579776}
  m_LocalScale: {x: 1, y: 1, z: 1}
  m_Children:
  - {fileID: 416874}
  m_Father: {fileID: 480088}
  m_RootOrder: 0
  m_LocalEulerAnglesHint: {x: 0, y: 0, z: 0}
--- !u!4 &403486
Transform:
  m_ObjectHideFlags: 1
  m_PrefabParentObject: {fileID: 0}
  m_PrefabInternal: {fileID: 100100000}
  m_GameObject: {fileID: 180744}
  m_LocalRotation: {x: 0.13332762, y: 0.35403973, z: 0.21697962, w: 0.89988863}
  m_LocalPosition: {x: 0.024320448, y: -0.0208938, z: 0.027480014}
  m_LocalScale: {x: 1, y: 1, z: 1}
  m_Children:
  - {fileID: 435838}
  m_Father: {fileID: 469380}
  m_RootOrder: 4
  m_LocalEulerAnglesHint: {x: 0, y: 0, z: 0}
--- !u!4 &404564
Transform:
  m_ObjectHideFlags: 1
  m_PrefabParentObject: {fileID: 0}
  m_PrefabInternal: {fileID: 100100000}
  m_GameObject: {fileID: 181352}
  m_LocalRotation: {x: 0.009234604, y: -0.009234604, z: 0.7070465, w: 0.7070465}
  m_LocalPosition: {x: -0.038552478, y: 8.5265126e-16, z: -7.105427e-17}
  m_LocalScale: {x: 1, y: 1, z: 1}
  m_Children: []
  m_Father: {fileID: 471982}
  m_RootOrder: 0
  m_LocalEulerAnglesHint: {x: 0, y: 0, z: 0}
--- !u!4 &407730
Transform:
  m_ObjectHideFlags: 1
  m_PrefabParentObject: {fileID: 0}
  m_PrefabInternal: {fileID: 100100000}
  m_GameObject: {fileID: 195020}
  m_LocalRotation: {x: 0, y: 0, z: 0.21977648, w: 0.9755503}
  m_LocalPosition: {x: -0.020121247, y: 0.116450325, z: -0.011609646}
  m_LocalScale: {x: 1, y: 1, z: 1}
  m_Children:
  - {fileID: 470710}
  m_Father: {fileID: 449228}
  m_RootOrder: 0
  m_LocalEulerAnglesHint: {x: 0, y: 0, z: 0}
--- !u!4 &408724
Transform:
  m_ObjectHideFlags: 1
  m_PrefabParentObject: {fileID: 0}
  m_PrefabInternal: {fileID: 100100000}
  m_GameObject: {fileID: 169058}
  m_LocalRotation: {x: 0, y: 0, z: 0, w: 1}
  m_LocalPosition: {x: -0, y: 0, z: 0.12532341}
  m_LocalScale: {x: 1, y: 1, z: 1}
  m_Children:
  - {fileID: 464964}
  - {fileID: 412090}
  - {fileID: 421964}
  m_Father: {fileID: 461896}
  m_RootOrder: 0
  m_LocalEulerAnglesHint: {x: 0, y: 0, z: 0}
--- !u!4 &409610
Transform:
  m_ObjectHideFlags: 1
  m_PrefabParentObject: {fileID: 0}
  m_PrefabInternal: {fileID: 100100000}
  m_GameObject: {fileID: 147808}
  m_LocalRotation: {x: -0.13667281, y: 0.0006082364, z: -0.00029721996, w: 0.990616}
  m_LocalPosition: {x: 1.2143064e-19, y: 7.105427e-17, z: 0.17231971}
  m_LocalScale: {x: 1, y: 1, z: 1}
  m_Children:
  - {fileID: 401146}
  m_Father: {fileID: 412090}
  m_RootOrder: 0
  m_LocalEulerAnglesHint: {x: 0, y: 0, z: 0}
--- !u!4 &409692
Transform:
  m_ObjectHideFlags: 1
  m_PrefabParentObject: {fileID: 0}
  m_PrefabInternal: {fileID: 100100000}
  m_GameObject: {fileID: 131932}
  m_LocalRotation: {x: 0.009666462, y: -0.009666462, z: 0.7070407, w: 0.7070407}
  m_LocalPosition: {x: -0.020131972, y: -0.00201529, z: -0.000007906217}
  m_LocalScale: {x: 1, y: 1, z: 1}
  m_Children: []
  m_Father: {fileID: 436506}
  m_RootOrder: 0
  m_LocalEulerAnglesHint: {x: 0, y: 0, z: 0}
--- !u!4 &410316
Transform:
  m_ObjectHideFlags: 1
  m_PrefabParentObject: {fileID: 0}
  m_PrefabInternal: {fileID: 100100000}
  m_GameObject: {fileID: 112370}
  m_LocalRotation: {x: -3.5778672e-16, y: 1.5612511e-17, z: -1.179612e-16, w: 1}
  m_LocalPosition: {x: -0.08867065, y: 0.004767024, z: 0.000497995}
  m_LocalScale: {x: 1, y: 1, z: 1}
  m_Children: []
  m_Father: {fileID: 438374}
  m_RootOrder: 0
  m_LocalEulerAnglesHint: {x: 0, y: 0, z: 0}
--- !u!4 &410638
Transform:
  m_ObjectHideFlags: 1
  m_PrefabParentObject: {fileID: 0}
  m_PrefabInternal: {fileID: 100100000}
  m_GameObject: {fileID: 100838}
  m_LocalRotation: {x: -0.130525, y: 0, z: -0, w: 0.991445}
  m_LocalPosition: {x: -0, y: -1.4210854e-16, z: 0.12532341}
  m_LocalScale: {x: 1, y: 1, z: 1}
  m_Children:
  - {fileID: 461896}
  m_Father: {fileID: 471284}
  m_RootOrder: 0
  m_LocalEulerAnglesHint: {x: 0, y: 0, z: 0}
--- !u!4 &412090
Transform:
  m_ObjectHideFlags: 1
  m_PrefabParentObject: {fileID: 0}
  m_PrefabInternal: {fileID: 100100000}
  m_GameObject: {fileID: 143412}
  m_LocalRotation: {x: 0.23109253, y: 0.000060610237, z: 0.0005800441, w: 0.9729316}
  m_LocalPosition: {x: -0, y: -0.06266171, z: 0.31330857}
  m_LocalScale: {x: 1, y: 1, z: 1}
  m_Children:
  - {fileID: 409610}
  m_Father: {fileID: 408724}
  m_RootOrder: 1
  m_LocalEulerAnglesHint: {x: 0, y: 0, z: 0}
--- !u!4 &414042
Transform:
  m_ObjectHideFlags: 1
  m_PrefabParentObject: {fileID: 0}
  m_PrefabInternal: {fileID: 100100000}
  m_GameObject: {fileID: 128792}
  m_LocalRotation: {x: -0.7071068, y: 0, z: -0, w: 0.7071068}
  m_LocalPosition: {x: 0, y: 1.4319261, z: -0.012283817}
  m_LocalScale: {x: 1, y: 1, z: 1}
  m_Children:
  - {fileID: 488596}
  - {fileID: 402862}
  - {fileID: 471284}
  m_Father: {fileID: 433310}
  m_RootOrder: 1
  m_LocalEulerAnglesHint: {x: 0, y: 0, z: 0}
--- !u!4 &415990
Transform:
  m_ObjectHideFlags: 1
  m_PrefabParentObject: {fileID: 0}
  m_PrefabInternal: {fileID: 100100000}
  m_GameObject: {fileID: 195794}
  m_LocalRotation: {x: 0.69644934, y: -0.042413224, z: -0.03846205, w: 0.7153182}
  m_LocalPosition: {x: -0.4460463, y: -0.0096743805, z: 0.00094002776}
  m_LocalScale: {x: 1, y: 1, z: 1}
  m_Children:
  - {fileID: 469380}
  m_Father: {fileID: 442942}
  m_RootOrder: 0
  m_LocalEulerAnglesHint: {x: 0, y: 0, z: 0}
--- !u!4 &416180
Transform:
  m_ObjectHideFlags: 1
  m_PrefabParentObject: {fileID: 0}
  m_PrefabInternal: {fileID: 100100000}
  m_GameObject: {fileID: 142988}
  m_LocalRotation: {x: -0.016905297, y: 0.08631164, z: 0.060605835, w: 0.9942794}
  m_LocalPosition: {x: 0.067985274, y: -0.0082932515, z: 0.009669312}
  m_LocalScale: {x: 1, y: 1, z: 1}
  m_Children:
  - {fileID: 457624}
  m_Father: {fileID: 436234}
  m_RootOrder: 0
  m_LocalEulerAnglesHint: {x: 0, y: 0, z: 0}
--- !u!4 &416874
Transform:
  m_ObjectHideFlags: 1
  m_PrefabParentObject: {fileID: 0}
  m_PrefabInternal: {fileID: 100100000}
  m_GameObject: {fileID: 180456}
  m_LocalRotation: {x: 0.009234604, y: -0.009234604, z: 0.7070465, w: 0.7070465}
  m_LocalPosition: {x: 0.012312868, y: -0.024746116, z: -0.026875533}
  m_LocalScale: {x: 1, y: 1, z: 1}
  m_Children: []
  m_Father: {fileID: 402878}
  m_RootOrder: 0
  m_LocalEulerAnglesHint: {x: 0, y: 0, z: 0}
--- !u!4 &418638
Transform:
  m_ObjectHideFlags: 1
  m_PrefabParentObject: {fileID: 0}
  m_PrefabInternal: {fileID: 100100000}
  m_GameObject: {fileID: 104772}
  m_LocalRotation: {x: 0.009457547, y: -0.009457547, z: 0.7070435, w: 0.7070435}
  m_LocalPosition: {x: -0.0339301, y: -0.0041519403, z: -0.0013295924}
  m_LocalScale: {x: 1, y: 1, z: 1}
  m_Children: []
  m_Father: {fileID: 441000}
  m_RootOrder: 0
  m_LocalEulerAnglesHint: {x: 0, y: 0, z: 0}
--- !u!4 &418774
Transform:
  m_ObjectHideFlags: 1
  m_PrefabParentObject: {fileID: 0}
  m_PrefabInternal: {fileID: 100100000}
  m_GameObject: {fileID: 195860}
  m_LocalRotation: {x: 4.3700054e-17, y: 2.407055e-17, z: 0.21977648, w: 0.9755503}
  m_LocalPosition: {x: -0.020489326, y: 0.11682611, z: -0.005670877}
  m_LocalScale: {x: 1, y: 1, z: 1}
  m_Children:
  - {fileID: 486140}
  m_Father: {fileID: 455906}
  m_RootOrder: 0
  m_LocalEulerAnglesHint: {x: 0, y: 0, z: 0}
--- !u!4 &419382
Transform:
  m_ObjectHideFlags: 1
  m_PrefabParentObject: {fileID: 0}
  m_PrefabInternal: {fileID: 100100000}
  m_GameObject: {fileID: 129534}
  m_LocalRotation: {x: -0.00022229088, y: -0.007107041, z: 0.03126148, w: 0.99948597}
  m_LocalPosition: {x: 0.042797275, y: -0.040447798, z: -0.015987694}
  m_LocalScale: {x: 1, y: 1, z: 1}
  m_Children:
  - {fileID: 480750}
  m_Father: {fileID: 495534}
  m_RootOrder: 0
  m_LocalEulerAnglesHint: {x: 0, y: 0, z: 0}
--- !u!4 &419784
Transform:
  m_ObjectHideFlags: 1
  m_PrefabParentObject: {fileID: 0}
  m_PrefabInternal: {fileID: 100100000}
  m_GameObject: {fileID: 113912}
  m_LocalRotation: {x: 5.537174e-17, y: -7.975358e-18, z: -0.018693116, w: 0.99982524}
  m_LocalPosition: {x: 0.029038243, y: -0.042020068, z: -0.0033909965}
  m_LocalScale: {x: 1, y: 1, z: 1}
  m_Children:
  - {fileID: 439668}
  m_Father: {fileID: 457624}
  m_RootOrder: 0
  m_LocalEulerAnglesHint: {x: 0, y: 0, z: 0}
--- !u!4 &420260
Transform:
  m_ObjectHideFlags: 1
  m_PrefabParentObject: {fileID: 0}
  m_PrefabInternal: {fileID: 100100000}
  m_GameObject: {fileID: 197292}
  m_LocalRotation: {x: -0.016905297, y: 0.08631164, z: 0.060605835, w: 0.9942794}
  m_LocalPosition: {x: -0.061788306, y: -0.006738056, z: 0.0303497}
  m_LocalScale: {x: 1, y: 1, z: 1}
  m_Children:
  - {fileID: 450188}
  m_Father: {fileID: 469380}
  m_RootOrder: 0
  m_LocalEulerAnglesHint: {x: 0, y: 0, z: 0}
--- !u!4 &420948
Transform:
  m_ObjectHideFlags: 1
  m_PrefabParentObject: {fileID: 0}
  m_PrefabInternal: {fileID: 100100000}
  m_GameObject: {fileID: 179684}
  m_LocalRotation: {x: -0.04938787, y: -0.12178796, z: 0.033187587, w: 0.990771}
  m_LocalPosition: {x: 0.005345403, y: -0.024269452, z: 0.04101538}
  m_LocalScale: {x: 1, y: 1, z: 1}
  m_Children:
  - {fileID: 494330}
  m_Father: {fileID: 400502}
  m_RootOrder: 0
  m_LocalEulerAnglesHint: {x: 0, y: 0, z: 0}
--- !u!4 &421964
Transform:
  m_ObjectHideFlags: 1
  m_PrefabParentObject: {fileID: 0}
  m_PrefabInternal: {fileID: 100100000}
  m_GameObject: {fileID: 160918}
  m_LocalRotation: {x: -0.049468577, y: 0.14221074, z: 0.014246028, w: 0.98849684}
  m_LocalPosition: {x: 0.046996295, y: -0.07049468, z: 0.25378096}
  m_LocalScale: {x: 1, y: 1, z: 1}
  m_Children:
  - {fileID: 422744}
  m_Father: {fileID: 408724}
  m_RootOrder: 2
  m_LocalEulerAnglesHint: {x: 0, y: 0, z: 0}
--- !u!4 &422744
Transform:
  m_ObjectHideFlags: 1
  m_PrefabParentObject: {fileID: 0}
  m_PrefabInternal: {fileID: 100100000}
  m_GameObject: {fileID: 146896}
  m_LocalRotation: {x: 0.1639209, y: -0.15187097, z: 0.020695366, w: 0.97449315}
  m_LocalPosition: {x: 0.18859509, y: -0.01819198, z: 0.12049428}
  m_LocalScale: {x: 1, y: 1, z: 1}
  m_Children:
  - {fileID: 476664}
  m_Father: {fileID: 421964}
  m_RootOrder: 0
  m_LocalEulerAnglesHint: {x: 0, y: 0, z: 0}
--- !u!4 &424318
Transform:
  m_ObjectHideFlags: 1
  m_PrefabParentObject: {fileID: 0}
  m_PrefabInternal: {fileID: 100100000}
  m_GameObject: {fileID: 135204}
  m_LocalRotation: {x: 0.42751345, y: -0.57504904, z: 0.4080118, w: 0.56575364}
  m_LocalPosition: {x: -0.03047682, y: -0.0034852875, z: -0.0023790142}
  m_LocalScale: {x: 1, y: 1, z: 1}
  m_Children: []
  m_Father: {fileID: 494422}
  m_RootOrder: 0
  m_LocalEulerAnglesHint: {x: 0, y: 0, z: 0}
--- !u!4 &424822
Transform:
  m_ObjectHideFlags: 1
  m_PrefabParentObject: {fileID: 0}
  m_PrefabInternal: {fileID: 100100000}
  m_GameObject: {fileID: 111682}
  m_LocalRotation: {x: 0.00033908672, y: 0.0041082865, z: 0.073334515, w: 0.9972989}
  m_LocalPosition: {x: 0.02617234, y: -0.029342443, z: -0.020502452}
  m_LocalScale: {x: 1, y: 1, z: 1}
  m_Children:
  - {fileID: 433072}
  m_Father: {fileID: 495532}
  m_RootOrder: 0
  m_LocalEulerAnglesHint: {x: 0, y: 0, z: 0}
--- !u!4 &428876
Transform:
  m_ObjectHideFlags: 1
  m_PrefabParentObject: {fileID: 0}
  m_PrefabInternal: {fileID: 100100000}
  m_GameObject: {fileID: 189534}
  m_LocalRotation: {x: 0, y: 0, z: 0, w: 1}
  m_LocalPosition: {x: -0.08850949, y: 0.0042336797, z: -0.005791599}
  m_LocalScale: {x: 1, y: 1, z: 1}
  m_Children: []
  m_Father: {fileID: 457720}
  m_RootOrder: 0
  m_LocalEulerAnglesHint: {x: 0, y: 0, z: 0}
--- !u!4 &433072
Transform:
  m_ObjectHideFlags: 1
  m_PrefabParentObject: {fileID: 0}
  m_PrefabInternal: {fileID: 100100000}
  m_GameObject: {fileID: 143956}
  m_LocalRotation: {x: 0.006418777, y: -0.012341482, z: 0.7035398, w: 0.7105197}
  m_LocalPosition: {x: 0.014554565, y: -0.031844825, z: -0.01611474}
  m_LocalScale: {x: 1, y: 1, z: 1}
  m_Children: []
  m_Father: {fileID: 424822}
  m_RootOrder: 0
  m_LocalEulerAnglesHint: {x: 0, y: 0, z: 0}
--- !u!4 &433310
Transform:
  m_ObjectHideFlags: 1
  m_PrefabParentObject: {fileID: 0}
  m_PrefabInternal: {fileID: 100100000}
  m_GameObject: {fileID: 165288}
  m_LocalRotation: {x: 0, y: 0.7071068, z: 0, w: 0.7071067}
  m_LocalPosition: {x: 0, y: 0, z: 0}
  m_LocalScale: {x: 1, y: 1, z: 1}
  m_Children:
  - {fileID: 443418}
  - {fileID: 414042}
  m_Father: {fileID: 0}
  m_RootOrder: 0
  m_LocalEulerAnglesHint: {x: 0, y: 0, z: 0}
--- !u!4 &435838
Transform:
  m_ObjectHideFlags: 1
  m_PrefabParentObject: {fileID: 0}
  m_PrefabInternal: {fileID: 100100000}
  m_GameObject: {fileID: 113812}
  m_LocalRotation: {x: -0.04938787, y: -0.12178796, z: 0.033187587, w: 0.990771}
  m_LocalPosition: {x: -0.047903266, y: 0.0022440916, z: -0.00079560606}
  m_LocalScale: {x: 1, y: 1, z: 1}
  m_Children:
  - {fileID: 494422}
  m_Father: {fileID: 403486}
  m_RootOrder: 0
  m_LocalEulerAnglesHint: {x: 0, y: 0, z: 0}
--- !u!4 &436234
Transform:
  m_ObjectHideFlags: 1
  m_PrefabParentObject: {fileID: 0}
  m_PrefabInternal: {fileID: 100100000}
  m_GameObject: {fileID: 197232}
  m_LocalRotation: {x: 0.013079416, y: -0.021979144, z: -0.0038408425, w: 0.9996655}
  m_LocalPosition: {x: 0.081561804, y: -0.0026384252, z: -0.01900607}
  m_LocalScale: {x: 1, y: 1, z: 1}
  m_Children:
  - {fileID: 416180}
  - {fileID: 495534}
  - {fileID: 496122}
  - {fileID: 464890}
  - {fileID: 400502}
  m_Father: {fileID: 444302}
  m_RootOrder: 0
  m_LocalEulerAnglesHint: {x: 0, y: 0, z: 0}
--- !u!4 &436506
Transform:
  m_ObjectHideFlags: 1
  m_PrefabParentObject: {fileID: 0}
  m_PrefabInternal: {fileID: 100100000}
  m_GameObject: {fileID: 154034}
  m_LocalRotation: {x: -1.0194167e-16, y: 2.272626e-17, z: -0.018693116, w: 0.99982524}
  m_LocalPosition: {x: -0.0511395, y: 0.002212603, z: 0.0007682892}
  m_LocalScale: {x: 1, y: 1, z: 1}
  m_Children:
  - {fileID: 409692}
  m_Father: {fileID: 450188}
  m_RootOrder: 0
  m_LocalEulerAnglesHint: {x: 0, y: 0, z: 0}
--- !u!4 &437118
Transform:
  m_ObjectHideFlags: 1
  m_PrefabParentObject: {fileID: 0}
  m_PrefabInternal: {fileID: 100100000}
  m_GameObject: {fileID: 159778}
  m_LocalRotation: {x: 4.276579e-18, y: -1.148488e-16, z: -2.4286129e-17, w: 1}
  m_LocalPosition: {x: -0.6079596, y: -0.023605647, z: 0.0060228356}
  m_LocalScale: {x: 1, y: 1, z: 1}
  m_Children:
  - {fileID: 455906}
  m_Father: {fileID: 488596}
  m_RootOrder: 0
  m_LocalEulerAnglesHint: {x: 0, y: 0, z: 0}
--- !u!4 &437370
Transform:
  m_ObjectHideFlags: 1
  m_PrefabParentObject: {fileID: 0}
  m_PrefabInternal: {fileID: 100100000}
  m_GameObject: {fileID: 144466}
  m_LocalRotation: {x: -0.038640466, y: 0.019323364, z: 0.18258373, w: 0.9822407}
  m_LocalPosition: {x: -0.06597837, y: 0.00060322887, z: -0.00028214435}
  m_LocalScale: {x: 1, y: 1, z: 1}
  m_Children:
  - {fileID: 451308}
  m_Father: {fileID: 469380}
  m_RootOrder: 1
  m_LocalEulerAnglesHint: {x: 0, y: 0, z: 0}
--- !u!4 &438374
Transform:
  m_ObjectHideFlags: 1
  m_PrefabParentObject: {fileID: 0}
  m_PrefabInternal: {fileID: 100100000}
  m_GameObject: {fileID: 144236}
  m_LocalRotation: {x: 0, y: 0, z: 0.1649135, w: 0.98630804}
  m_LocalPosition: {x: -0.19756158, y: 0.018512638, z: 0.0061691008}
  m_LocalScale: {x: 1, y: 1, z: 1}
  m_Children:
  - {fileID: 410316}
  m_Father: {fileID: 455906}
  m_RootOrder: 1
  m_LocalEulerAnglesHint: {x: 0, y: 0, z: 0}
--- !u!4 &439668
Transform:
  m_ObjectHideFlags: 1
  m_PrefabParentObject: {fileID: 0}
  m_PrefabInternal: {fileID: 100100000}
  m_GameObject: {fileID: 174386}
  m_LocalRotation: {x: 0.009666462, y: -0.009666462, z: 0.7070407, w: 0.7070407}
  m_LocalPosition: {x: 0.010301458, y: -0.017350554, z: -0.0015557861}
  m_LocalScale: {x: 1, y: 1, z: 1}
  m_Children: []
  m_Father: {fileID: 419784}
  m_RootOrder: 0
  m_LocalEulerAnglesHint: {x: 0, y: 0, z: 0}
--- !u!4 &441000
Transform:
  m_ObjectHideFlags: 1
  m_PrefabParentObject: {fileID: 0}
  m_PrefabInternal: {fileID: 100100000}
  m_GameObject: {fileID: 115376}
  m_LocalRotation: {x: 0.0010308482, y: 0.019060124, z: -0.005441402, w: 0.999803}
  m_LocalPosition: {x: -0.0457568, y: -0.00007974364, z: -0.0011732302}
  m_LocalScale: {x: 1, y: 1, z: 1}
  m_Children:
  - {fileID: 418638}
  m_Father: {fileID: 451308}
  m_RootOrder: 0
  m_LocalEulerAnglesHint: {x: 0, y: 0, z: 0}
--- !u!4 &442720
Transform:
  m_ObjectHideFlags: 1
  m_PrefabParentObject: {fileID: 0}
  m_PrefabInternal: {fileID: 100100000}
  m_GameObject: {fileID: 137968}
  m_LocalRotation: {x: 0.1639209, y: -0.15187097, z: 0.020695366, w: 0.97449315}
  m_LocalPosition: {x: -0.22453938, y: 1.4210854e-16, z: 0}
  m_LocalScale: {x: 1, y: 1, z: 1}
  m_Children:
  - {fileID: 442942}
  m_Father: {fileID: 464964}
  m_RootOrder: 0
  m_LocalEulerAnglesHint: {x: 0, y: 0, z: 0}
--- !u!4 &442942
Transform:
  m_ObjectHideFlags: 1
  m_PrefabParentObject: {fileID: 0}
  m_PrefabInternal: {fileID: 100100000}
  m_GameObject: {fileID: 105560}
  m_LocalRotation: {x: 7.519859e-17, y: 3.0827668e-17, z: -0.019191703, w: 0.9998158}
  m_LocalPosition: {x: -0.42434734, y: -0.002308933, z: -0.000592289}
  m_LocalScale: {x: 1, y: 1, z: 1}
  m_Children:
  - {fileID: 415990}
  m_Father: {fileID: 442720}
  m_RootOrder: 0
  m_LocalEulerAnglesHint: {x: 0, y: 0, z: 0}
--- !u!4 &443418
Transform:
  m_ObjectHideFlags: 1
  m_PrefabParentObject: {fileID: 0}
  m_PrefabInternal: {fileID: 100100000}
  m_GameObject: {fileID: 140504}
  m_LocalRotation: {x: 0, y: 0, z: 0, w: 1}
  m_LocalPosition: {x: 0, y: 0, z: 0}
  m_LocalScale: {x: 1, y: 1, z: 1}
  m_Children: []
  m_Father: {fileID: 433310}
  m_RootOrder: 0
  m_LocalEulerAnglesHint: {x: 0, y: 0, z: 0}
--- !u!4 &444302
Transform:
  m_ObjectHideFlags: 1
  m_PrefabParentObject: {fileID: 0}
  m_PrefabInternal: {fileID: 100100000}
  m_GameObject: {fileID: 108626}
  m_LocalRotation: {x: 0.69644934, y: -0.042413224, z: -0.03846205, w: 0.7153182}
  m_LocalPosition: {x: 0.4459386, y: -0.010017812, z: -0.009617975}
  m_LocalScale: {x: 1, y: 1, z: 1}
  m_Children:
  - {fileID: 436234}
  m_Father: {fileID: 476664}
  m_RootOrder: 0
  m_LocalEulerAnglesHint: {x: 0, y: 0, z: 0}
--- !u!4 &449228
Transform:
  m_ObjectHideFlags: 1
  m_PrefabParentObject: {fileID: 0}
  m_PrefabInternal: {fileID: 100100000}
  m_GameObject: {fileID: 165196}
  m_LocalRotation: {x: -0.0086026685, y: 0.0053812317, z: 0.50780135, w: 0.86141443}
  m_LocalPosition: {x: -0.6450668, y: 0.01991498, z: -0.105054796}
  m_LocalScale: {x: 1, y: 1, z: 1}
  m_Children:
  - {fileID: 407730}
  - {fileID: 457720}
  m_Father: {fileID: 465826}
  m_RootOrder: 0
  m_LocalEulerAnglesHint: {x: 0, y: 0, z: 0}
--- !u!4 &450188
Transform:
  m_ObjectHideFlags: 1
  m_PrefabParentObject: {fileID: 0}
  m_PrefabInternal: {fileID: 100100000}
  m_GameObject: {fileID: 116334}
  m_LocalRotation: {x: 0.0052418523, y: -0.031923495, z: 0.18545191, w: 0.9821207}
  m_LocalPosition: {x: -0.050032344, y: -0.009833381, z: -0.00066479284}
  m_LocalScale: {x: 1, y: 1, z: 1}
  m_Children:
  - {fileID: 436506}
  m_Father: {fileID: 420260}
  m_RootOrder: 0
  m_LocalEulerAnglesHint: {x: 0, y: 0, z: 0}
--- !u!4 &451308
Transform:
  m_ObjectHideFlags: 1
  m_PrefabParentObject: {fileID: 0}
  m_PrefabInternal: {fileID: 100100000}
  m_GameObject: {fileID: 103862}
  m_LocalRotation: {x: -0.00022229088, y: -0.007107041, z: 0.03126148, w: 0.99948597}
  m_LocalPosition: {x: -0.06101508, y: -0.0005116231, z: -0.0009243497}
  m_LocalScale: {x: 1, y: 1, z: 1}
  m_Children:
  - {fileID: 441000}
  m_Father: {fileID: 437370}
  m_RootOrder: 0
  m_LocalEulerAnglesHint: {x: 0, y: 0, z: 0}
--- !u!4 &452746
Transform:
  m_ObjectHideFlags: 1
  m_PrefabParentObject: {fileID: 0}
  m_PrefabInternal: {fileID: 100100000}
  m_GameObject: {fileID: 189844}
  m_LocalRotation: {x: -0.031590417, y: -0.09116286, z: 0.1328103, w: 0.9864344}
  m_LocalPosition: {x: -0.06213469, y: -0.0039053285, z: -0.030566253}
  m_LocalScale: {x: 1, y: 1, z: 1}
  m_Children:
  - {fileID: 400954}
  m_Father: {fileID: 469380}
  m_RootOrder: 3
  m_LocalEulerAnglesHint: {x: 0, y: 0, z: 0}
--- !u!4 &455906
Transform:
  m_ObjectHideFlags: 1
  m_PrefabParentObject: {fileID: 0}
  m_PrefabInternal: {fileID: 100100000}
  m_GameObject: {fileID: 158156}
  m_LocalRotation: {x: -0.0086026685, y: 0.0053812317, z: 0.50780135, w: 0.86141443}
  m_LocalPosition: {x: -0.65355635, y: 0.01958636, z: -0.004966466}
  m_LocalScale: {x: 1, y: 1, z: 1}
  m_Children:
  - {fileID: 418774}
  - {fileID: 438374}
  m_Father: {fileID: 437118}
  m_RootOrder: 0
  m_LocalEulerAnglesHint: {x: 0, y: 0, z: 0}
--- !u!4 &457076
Transform:
  m_ObjectHideFlags: 1
  m_PrefabParentObject: {fileID: 0}
  m_PrefabInternal: {fileID: 100100000}
  m_GameObject: {fileID: 173364}
  m_LocalRotation: {x: 0.005685388, y: 0.057221282, z: -0.0181912, w: 0.9981796}
  m_LocalPosition: {x: -0.026993677, y: 1.4210854e-15, z: -1.4210854e-16}
  m_LocalScale: {x: 1, y: 1, z: 1}
  m_Children:
  - {fileID: 471982}
  m_Father: {fileID: 467756}
  m_RootOrder: 0
  m_LocalEulerAnglesHint: {x: 0, y: 0, z: 0}
--- !u!4 &457624
Transform:
  m_ObjectHideFlags: 1
  m_PrefabParentObject: {fileID: 0}
  m_PrefabInternal: {fileID: 100100000}
  m_GameObject: {fileID: 160932}
  m_LocalRotation: {x: 0.0052418523, y: -0.031923495, z: 0.18545191, w: 0.9821207}
  m_LocalPosition: {x: 0.045814775, y: -0.022397017, z: 0.0004966365}
  m_LocalScale: {x: 1, y: 1, z: 1}
  m_Children:
  - {fileID: 419784}
  m_Father: {fileID: 416180}
  m_RootOrder: 0
  m_LocalEulerAnglesHint: {x: 0, y: 0, z: 0}
--- !u!4 &457720
Transform:
  m_ObjectHideFlags: 1
  m_PrefabParentObject: {fileID: 0}
  m_PrefabInternal: {fileID: 100100000}
  m_GameObject: {fileID: 120224}
  m_LocalRotation: {x: 0, y: 0, z: 0.23869741, w: 0.971094}
  m_LocalPosition: {x: -0.19515307, y: 0.016053015, z: -0.032694466}
  m_LocalScale: {x: 1, y: 1, z: 1}
  m_Children:
  - {fileID: 428876}
  m_Father: {fileID: 449228}
  m_RootOrder: 1
  m_LocalEulerAnglesHint: {x: 0, y: 0, z: 0}
--- !u!4 &461896
Transform:
  m_ObjectHideFlags: 1
  m_PrefabParentObject: {fileID: 0}
  m_PrefabInternal: {fileID: 100100000}
  m_GameObject: {fileID: 137970}
  m_LocalRotation: {x: -0.17550826, y: 0, z: -0, w: 0.984478}
  m_LocalPosition: {x: -0, y: 2.1316282e-16, z: 0.12532341}
  m_LocalScale: {x: 1, y: 1, z: 1}
  m_Children:
  - {fileID: 408724}
  m_Father: {fileID: 410638}
  m_RootOrder: 0
  m_LocalEulerAnglesHint: {x: 0, y: 0, z: 0}
--- !u!4 &464890
Transform:
  m_ObjectHideFlags: 1
  m_PrefabParentObject: {fileID: 0}
  m_PrefabInternal: {fileID: 100100000}
  m_GameObject: {fileID: 145072}
  m_LocalRotation: {x: -0.031590417, y: -0.09116286, z: 0.1328103, w: 0.9864344}
  m_LocalPosition: {x: 0.049449403, y: -0.005248626, z: -0.04834791}
  m_LocalScale: {x: 1, y: 1, z: 1}
  m_Children:
  - {fileID: 495532}
  m_Father: {fileID: 436234}
  m_RootOrder: 3
  m_LocalEulerAnglesHint: {x: 0, y: 0, z: 0}
--- !u!4 &464964
Transform:
  m_ObjectHideFlags: 1
  m_PrefabParentObject: {fileID: 0}
  m_PrefabInternal: {fileID: 100100000}
  m_GameObject: {fileID: 175776}
  m_LocalRotation: {x: -0.049468577, y: 0.14221074, z: 0.014246028, w: 0.98849684}
  m_LocalPosition: {x: -0.046996284, y: -0.07049443, z: 0.25377995}
  m_LocalScale: {x: 1, y: 1, z: 1}
  m_Children:
  - {fileID: 442720}
  m_Father: {fileID: 408724}
  m_RootOrder: 0
  m_LocalEulerAnglesHint: {x: 0, y: 0, z: 0}
--- !u!4 &465826
Transform:
  m_ObjectHideFlags: 1
  m_PrefabParentObject: {fileID: 0}
  m_PrefabInternal: {fileID: 100100000}
  m_GameObject: {fileID: 181268}
  m_LocalRotation: {x: 0, y: 0, z: 0, w: 1}
  m_LocalPosition: {x: -0.5982504, y: -0.023229668, z: -0.108489476}
  m_LocalScale: {x: 1, y: 1, z: 1}
  m_Children:
  - {fileID: 449228}
  m_Father: {fileID: 402862}
  m_RootOrder: 0
  m_LocalEulerAnglesHint: {x: 0, y: 0, z: 0}
--- !u!4 &467756
Transform:
  m_ObjectHideFlags: 1
  m_PrefabParentObject: {fileID: 0}
  m_PrefabInternal: {fileID: 100100000}
  m_GameObject: {fileID: 187008}
  m_LocalRotation: {x: -0.05926551, y: -0.17888893, z: 0.18149133, w: 0.9651669}
  m_LocalPosition: {x: -0.043435004, y: -0.012628302, z: -0.049575105}
  m_LocalScale: {x: 1, y: 1, z: 1}
  m_Children:
  - {fileID: 457076}
  m_Father: {fileID: 469380}
  m_RootOrder: 2
  m_LocalEulerAnglesHint: {x: 0, y: 0, z: 0}
--- !u!4 &469380
Transform:
  m_ObjectHideFlags: 1
  m_PrefabParentObject: {fileID: 0}
  m_PrefabInternal: {fileID: 100100000}
  m_GameObject: {fileID: 177156}
  m_LocalRotation: {x: 0.013079416, y: -0.021979144, z: -0.0038408425, w: 0.9996655}
  m_LocalPosition: {x: -0.083796136, y: 0, z: -3.5527136e-17}
  m_LocalScale: {x: 1, y: 1, z: 1}
  m_Children:
  - {fileID: 420260}
  - {fileID: 437370}
  - {fileID: 467756}
  - {fileID: 452746}
  - {fileID: 403486}
  m_Father: {fileID: 415990}
  m_RootOrder: 0
  m_LocalEulerAnglesHint: {x: 0, y: 0, z: 0}
--- !u!4 &470710
Transform:
  m_ObjectHideFlags: 1
  m_PrefabParentObject: {fileID: 0}
  m_PrefabInternal: {fileID: 100100000}
  m_GameObject: {fileID: 176004}
  m_LocalRotation: {x: 0, y: 0, z: 0, w: 1}
  m_LocalPosition: {x: -0.20355247, y: -0.003825797, z: -0.020284936}
  m_LocalScale: {x: 1, y: 1, z: 1}
  m_Children: []
  m_Father: {fileID: 407730}
  m_RootOrder: 0
  m_LocalEulerAnglesHint: {x: 0, y: 0, z: 0}
--- !u!4 &471284
Transform:
  m_ObjectHideFlags: 1
  m_PrefabParentObject: {fileID: 0}
  m_PrefabInternal: {fileID: 100100000}
  m_GameObject: {fileID: 154356}
  m_LocalRotation: {x: 0.19936794, y: -0, z: -0, w: 0.9799247}
  m_LocalPosition: {x: -0, y: 0.09399257, z: 0.09399257}
  m_LocalScale: {x: 1, y: 1, z: 1}
  m_Children:
  - {fileID: 410638}
  m_Father: {fileID: 414042}
  m_RootOrder: 2
  m_LocalEulerAnglesHint: {x: 0, y: 0, z: 0}
--- !u!4 &471982
Transform:
  m_ObjectHideFlags: 1
  m_PrefabParentObject: {fileID: 0}
  m_PrefabInternal: {fileID: 100100000}
  m_GameObject: {fileID: 131864}
  m_LocalRotation: {x: -0.008705091, y: -0.007949714, z: 0.07114258, w: 0.99739647}
  m_LocalPosition: {x: -0.027539348, y: -8.5265126e-16, z: -1.4210854e-16}
  m_LocalScale: {x: 1, y: 1, z: 1}
  m_Children:
  - {fileID: 404564}
  m_Father: {fileID: 457076}
  m_RootOrder: 0
  m_LocalEulerAnglesHint: {x: 0, y: 0, z: 0}
--- !u!4 &475424
Transform:
  m_ObjectHideFlags: 1
  m_PrefabParentObject: {fileID: 0}
  m_PrefabInternal: {fileID: 100100000}
  m_GameObject: {fileID: 170634}
  m_LocalRotation: {x: 0.006418777, y: -0.012341482, z: 0.7035398, w: 0.7105197}
  m_LocalPosition: {x: -0.03854209, y: -8.5265126e-16, z: -7.105427e-17}
  m_LocalScale: {x: 1, y: 1, z: 1}
  m_Children: []
  m_Father: {fileID: 401474}
  m_RootOrder: 0
  m_LocalEulerAnglesHint: {x: 0, y: 0, z: 0}
--- !u!4 &476664
Transform:
  m_ObjectHideFlags: 1
  m_PrefabParentObject: {fileID: 0}
  m_PrefabInternal: {fileID: 100100000}
  m_GameObject: {fileID: 143952}
  m_LocalRotation: {x: 7.335129e-17, y: 2.49794e-17, z: -0.019191703, w: 0.9998158}
  m_LocalPosition: {x: 0.4227614, y: -0.03516849, z: -0.010629382}
  m_LocalScale: {x: 1, y: 1, z: 1}
  m_Children:
  - {fileID: 444302}
  m_Father: {fileID: 422744}
  m_RootOrder: 0
  m_LocalEulerAnglesHint: {x: 0, y: 0, z: 0}
--- !u!4 &480088
Transform:
  m_ObjectHideFlags: 1
  m_PrefabParentObject: {fileID: 0}
  m_PrefabInternal: {fileID: 100100000}
  m_GameObject: {fileID: 190498}
  m_LocalRotation: {x: 0.005685388, y: 0.057221282, z: -0.0181912, w: 0.9981796}
  m_LocalPosition: {x: 0.007893203, y: -0.013357388, z: -0.022090403}
  m_LocalScale: {x: 1, y: 1, z: 1}
  m_Children:
  - {fileID: 402878}
  m_Father: {fileID: 496122}
  m_RootOrder: 0
  m_LocalEulerAnglesHint: {x: 0, y: 0, z: 0}
--- !u!4 &480750
Transform:
  m_ObjectHideFlags: 1
  m_PrefabParentObject: {fileID: 0}
  m_PrefabInternal: {fileID: 100100000}
  m_GameObject: {fileID: 105376}
  m_LocalRotation: {x: 0.0010308482, y: 0.019060124, z: -0.005441402, w: 0.999803}
  m_LocalPosition: {x: 0.027803525, y: -0.033865202, z: -0.013231974}
  m_LocalScale: {x: 1, y: 1, z: 1}
  m_Children:
  - {fileID: 482406}
  m_Father: {fileID: 419382}
  m_RootOrder: 0
  m_LocalEulerAnglesHint: {x: 0, y: 0, z: 0}
--- !u!4 &482406
Transform:
  m_ObjectHideFlags: 1
  m_PrefabParentObject: {fileID: 0}
  m_PrefabInternal: {fileID: 100100000}
  m_GameObject: {fileID: 102812}
  m_LocalRotation: {x: 0.009457547, y: -0.009457547, z: 0.7070435, w: 0.7070435}
  m_LocalPosition: {x: 0.01873769, y: -0.027539436, z: -0.007827892}
  m_LocalScale: {x: 1, y: 1, z: 1}
  m_Children: []
  m_Father: {fileID: 480750}
  m_RootOrder: 0
  m_LocalEulerAnglesHint: {x: 0, y: 0, z: 0}
--- !u!4 &486140
Transform:
  m_ObjectHideFlags: 1
  m_PrefabParentObject: {fileID: 0}
  m_PrefabInternal: {fileID: 100100000}
  m_GameObject: {fileID: 110300}
  m_LocalRotation: {x: -1.0863706e-16, y: 3.989864e-17, z: -2.220446e-16, w: 1}
  m_LocalPosition: {x: -0.20439558, y: -0.0013771622, z: 0.008952282}
  m_LocalScale: {x: 1, y: 1, z: 1}
  m_Children: []
  m_Father: {fileID: 418774}
  m_RootOrder: 0
  m_LocalEulerAnglesHint: {x: 0, y: 0, z: 0}
--- !u!4 &488596
Transform:
  m_ObjectHideFlags: 1
  m_PrefabParentObject: {fileID: 0}
  m_PrefabInternal: {fileID: 100100000}
  m_GameObject: {fileID: 195666}
  m_LocalRotation: {x: 0.013089635, y: -0.6764157, z: -0.014247824, w: 0.7362659}
  m_LocalPosition: {x: -0.1394223, y: 0, z: -0.04073011}
  m_LocalScale: {x: 1, y: 1, z: 1}
  m_Children:
  - {fileID: 437118}
  m_Father: {fileID: 414042}
  m_RootOrder: 0
  m_LocalEulerAnglesHint: {x: 0, y: 0, z: 0}
--- !u!4 &494330
Transform:
  m_ObjectHideFlags: 1
  m_PrefabParentObject: {fileID: 0}
  m_PrefabInternal: {fileID: 100100000}
  m_GameObject: {fileID: 163218}
  m_LocalRotation: {x: 0.020126851, y: -0.109470606, z: -0.027245447, w: 0.99341273}
  m_LocalPosition: {x: 0.016810862, y: -0.03772239, z: 0.028010389}
  m_LocalScale: {x: 1, y: 1, z: 1}
  m_Children:
  - {fileID: 402612}
  m_Father: {fileID: 420948}
  m_RootOrder: 0
  m_LocalEulerAnglesHint: {x: 0, y: 0, z: 0}
--- !u!4 &494422
Transform:
  m_ObjectHideFlags: 1
  m_PrefabParentObject: {fileID: 0}
  m_PrefabInternal: {fileID: 100100000}
  m_GameObject: {fileID: 127702}
  m_LocalRotation: {x: 0.020126851, y: -0.109470606, z: -0.027245447, w: 0.99341273}
  m_LocalPosition: {x: -0.0498932, y: -5.684342e-16, z: 5.684342e-16}
  m_LocalScale: {x: 1, y: 1, z: 1}
  m_Children:
  - {fileID: 424318}
  m_Father: {fileID: 435838}
  m_RootOrder: 0
  m_LocalEulerAnglesHint: {x: 0, y: 0, z: 0}
--- !u!4 &495532
Transform:
  m_ObjectHideFlags: 1
  m_PrefabParentObject: {fileID: 0}
  m_PrefabInternal: {fileID: 100100000}
  m_GameObject: {fileID: 116500}
  m_LocalRotation: {x: 0.0051464597, y: 0.043413773, z: 0.06493466, w: 0.99693143}
  m_LocalPosition: {x: 0.028710237, y: -0.020318728, z: -0.02761444}
  m_LocalScale: {x: 1, y: 1, z: 1}
  m_Children:
  - {fileID: 424822}
  m_Father: {fileID: 464890}
  m_RootOrder: 0
  m_LocalEulerAnglesHint: {x: 0, y: 0, z: 0}
--- !u!4 &495534
Transform:
  m_ObjectHideFlags: 1
  m_PrefabParentObject: {fileID: 0}
  m_PrefabInternal: {fileID: 100100000}
  m_GameObject: {fileID: 153898}
  m_LocalRotation: {x: -0.038640466, y: 0.019323364, z: 0.18258373, w: 0.9822407}
  m_LocalPosition: {x: 0.0626242, y: -0.0009424444, z: -0.020775864}
  m_LocalScale: {x: 1, y: 1, z: 1}
  m_Children:
  - {fileID: 419382}
  m_Father: {fileID: 436234}
  m_RootOrder: 1
  m_LocalEulerAnglesHint: {x: 0, y: 0, z: 0}
--- !u!4 &496122
Transform:
  m_ObjectHideFlags: 1
  m_PrefabParentObject: {fileID: 0}
  m_PrefabInternal: {fileID: 100100000}
  m_GameObject: {fileID: 107280}
  m_LocalRotation: {x: -0.05926551, y: -0.17888893, z: 0.18149133, w: 0.9651669}
  m_LocalPosition: {x: 0.025569536, y: -0.013459233, z: -0.06057139}
  m_LocalScale: {x: 1, y: 1, z: 1}
  m_Children:
  - {fileID: 480088}
  m_Father: {fileID: 436234}
  m_RootOrder: 2
  m_LocalEulerAnglesHint: {x: 0, y: 0, z: 0}
--- !u!95 &9552492
Animator:
  serializedVersion: 3
  m_ObjectHideFlags: 1
  m_PrefabParentObject: {fileID: 0}
  m_PrefabInternal: {fileID: 100100000}
  m_GameObject: {fileID: 165288}
  m_Enabled: 1
  m_Avatar: {fileID: 9000000, guid: 346c11673e5351841a7be4a637134fee, type: 3}
  m_Controller: {fileID: 9100000, guid: cd5ad1c2e6af39a43972c40fa7aae4a8, type: 2}
  m_CullingMode: 1
  m_UpdateMode: 0
  m_ApplyRootMotion: 1
  m_LinearVelocityBlending: 0
  m_WarningMessage: 
  m_HasTransformHierarchy: 1
  m_AllowConstantClipSamplingOptimization: 1
--- !u!137 &13792606
SkinnedMeshRenderer:
  m_ObjectHideFlags: 1
  m_PrefabParentObject: {fileID: 0}
  m_PrefabInternal: {fileID: 100100000}
  m_GameObject: {fileID: 140504}
  m_Enabled: 1
  m_CastShadows: 1
  m_ReceiveShadows: 1
  m_DynamicOccludee: 1
  m_MotionVectors: 1
  m_LightProbeUsage: 1
  m_ReflectionProbeUsage: 1
  m_Materials:
  - {fileID: 2100000, guid: 4fc7b56d452e0244ebf64d4712e90f6e, type: 2}
  m_StaticBatchInfo:
    firstSubMesh: 0
    subMeshCount: 0
  m_StaticBatchRoot: {fileID: 0}
  m_ProbeAnchor: {fileID: 0}
  m_LightProbeVolumeOverride: {fileID: 0}
  m_ScaleInLightmap: 1
  m_PreserveUVs: 0
  m_IgnoreNormalsForChartDetection: 0
  m_ImportantGI: 0
  m_StitchLightmapSeams: 0
  m_SelectedEditorRenderState: 3
  m_MinimumChartSize: 4
  m_AutoUVMaxDistance: 0.5
  m_AutoUVMaxAngle: 89
  m_LightmapParameters: {fileID: 0}
  m_SortingLayerID: 0
  m_SortingLayer: 0
  m_SortingOrder: 0
  serializedVersion: 2
  m_Quality: 0
  m_UpdateWhenOffscreen: 0
  m_SkinnedMotionVectors: 1
  m_Mesh: {fileID: 4300000, guid: 346c11673e5351841a7be4a637134fee, type: 3}
  m_Bones:
  - {fileID: 414042}
  - {fileID: 488596}
  - {fileID: 437118}
  - {fileID: 455906}
  - {fileID: 438374}
  - {fileID: 410316}
  - {fileID: 418774}
  - {fileID: 486140}
  - {fileID: 471284}
  - {fileID: 410638}
  - {fileID: 461896}
  - {fileID: 408724}
  - {fileID: 464964}
  - {fileID: 442720}
  - {fileID: 442942}
  - {fileID: 415990}
  - {fileID: 469380}
  - {fileID: 467756}
  - {fileID: 457076}
  - {fileID: 471982}
  - {fileID: 404564}
  - {fileID: 452746}
  - {fileID: 400954}
  - {fileID: 401474}
  - {fileID: 475424}
  - {fileID: 420260}
  - {fileID: 450188}
  - {fileID: 436506}
  - {fileID: 409692}
  - {fileID: 403486}
  - {fileID: 435838}
  - {fileID: 494422}
  - {fileID: 424318}
  - {fileID: 437370}
  - {fileID: 451308}
  - {fileID: 441000}
  - {fileID: 418638}
  - {fileID: 412090}
  - {fileID: 409610}
  - {fileID: 401146}
  - {fileID: 421964}
  - {fileID: 422744}
  - {fileID: 476664}
  - {fileID: 444302}
  - {fileID: 436234}
  - {fileID: 496122}
  - {fileID: 480088}
  - {fileID: 402878}
  - {fileID: 416874}
  - {fileID: 464890}
  - {fileID: 495532}
  - {fileID: 424822}
  - {fileID: 433072}
  - {fileID: 416180}
  - {fileID: 457624}
  - {fileID: 419784}
  - {fileID: 439668}
  - {fileID: 400502}
  - {fileID: 420948}
  - {fileID: 494330}
  - {fileID: 402612}
  - {fileID: 495534}
  - {fileID: 419382}
  - {fileID: 480750}
  - {fileID: 482406}
  - {fileID: 402862}
  - {fileID: 465826}
  - {fileID: 449228}
  - {fileID: 457720}
  - {fileID: 428876}
  - {fileID: 407730}
  - {fileID: 470710}
  m_BlendShapeWeights: []
  m_RootBone: {fileID: 414042}
  m_AABB:
    m_Center: {x: -0.0018800497, y: -0.031574965, z: -0.1357168}
    m_Extent: {x: 1.422017, y: 0.315723, z: 1.4238272}
  m_DirtyAABB: 0
--- !u!1001 &100100000
Prefab:
  m_ObjectHideFlags: 1
  serializedVersion: 2
  m_Modification:
    m_TransformParent: {fileID: 0}
    m_Modifications: []
    m_RemovedComponents: []
  m_ParentPrefab: {fileID: 0}
  m_RootGameObject: {fileID: 165288}
  m_IsPrefabParent: 1
